<record><leader>00000cas a2200000 a 4500</leader><controlfield tag="001">41440659</controlfield><controlfield tag="008">990527c19uu9999nyuwr ne      0   z0ben c</controlfield><datafield ind1=" " ind2=" " tag="010"><subfield code="a">sn 99004002 </subfield></datafield><datafield ind1=" " ind2=" " tag="040"><subfield code="a">NSD</subfield><subfield code="b">eng</subfield><subfield code="c">NSD</subfield><subfield code="d">NYS</subfield><subfield code="d">OCLCQ</subfield><subfield code="d">OCLCF</subfield><subfield code="d">OCLCO</subfield></datafield><datafield ind1=" " ind2=" " tag="012"><subfield code="m">y</subfield></datafield><datafield ind1="1" ind2=" " tag="022"><subfield code="a">1525-2698</subfield><subfield code="l">1525-2698</subfield><subfield code="y">1064-427X</subfield><subfield code="2">1</subfield></datafield><datafield ind1="1" ind2=" " tag="029"><subfield code="a">AU@</subfield><subfield code="b">000020226554</subfield></datafield><datafield ind1=" " ind2=" " tag="042"><subfield code="a">nsdp</subfield><subfield code="a">pcc</subfield></datafield><datafield ind1=" " ind2=" " tag="043"><subfield code="a">n-us-ny</subfield></datafield><datafield ind1=" " ind2="0" tag="222"><subfield code="a">Natu&#772;na praba&#772;si&#772;</subfield></datafield><datafield ind1="0" ind2="0" tag="245"><subfield code="a">Natu&#772;na praba&#772;si&#772; =</subfield><subfield code="b">New probashi.</subfield></datafield><datafield ind1="3" ind2="1" tag="246"><subfield code="a">New probashi</subfield></datafield><datafield ind1=" " ind2=" " tag="260"><subfield code="a">New York, NY :</subfield><subfield code="b">Avibash Publications</subfield></datafield><datafield ind1=" " ind2=" " tag="300"><subfield code="a">v.</subfield></datafield><datafield ind1=" " ind2=" " tag="310"><subfield code="a">Weekly</subfield></datafield><datafield ind1=" " ind2=" " tag="588"><subfield code="a">Description based on: Barsha 15, sam&#803;khya&#772; 15 (Eprila 16, 1999); title from caption.</subfield></datafield><datafield ind1=" " ind2=" " tag="588"><subfield code="a">Latest issue consulted: Vol. 20, no. 9 (Mar. 7, 2004).</subfield></datafield><datafield ind1=" " ind2="0" tag="650"><subfield code="a">Bangladeshis</subfield><subfield code="z">United States</subfield><subfield code="v">Newspapers.</subfield></datafield><datafield ind1=" " ind2="0" tag="650"><subfield code="a">Bangladeshi Americans</subfield><subfield code="z">New York (State)</subfield><subfield code="z">New York.</subfield></datafield><datafield ind1=" " ind2="0" tag="651"><subfield code="a">New York (N.Y.)</subfield><subfield code="v">Newspapers.</subfield></datafield><datafield ind1=" " ind2="0" tag="651"><subfield code="a">New York County (N.Y.)</subfield><subfield code="v">Newspapers.</subfield></datafield><datafield ind1=" " ind2="7" tag="655"><subfield code="a">Newspapers.</subfield><subfield code="2">fast</subfield><subfield code="0">(OCoLC)fst01423814</subfield></datafield><datafield ind1=" " ind2="7" tag="650"><subfield code="a">Bangladeshi Americans.</subfield><subfield code="2">fast</subfield><subfield code="0">(OCoLC)fst00826533</subfield></datafield><datafield ind1=" " ind2="7" tag="650"><subfield code="a">Bangladeshis.</subfield><subfield code="2">fast</subfield><subfield code="0">(OCoLC)fst00826536</subfield></datafield><datafield ind1=" " ind2="7" tag="651"><subfield code="a">New York (State)</subfield><subfield code="z">New York.</subfield><subfield code="2">fast</subfield><subfield code="0">(OCoLC)fst01204333</subfield></datafield><datafield ind1=" " ind2="7" tag="651"><subfield code="a">New York (State)</subfield><subfield code="z">New York County.</subfield><subfield code="2">fast</subfield><subfield code="0">(OCoLC)fst01234953</subfield></datafield><datafield ind1=" " ind2="7" tag="651"><subfield code="a">United States.</subfield><subfield code="2">fast</subfield><subfield code="0">(OCoLC)fst01204155</subfield></datafield><datafield ind1=" " ind2=" " tag="752"><subfield code="a">United States</subfield><subfield code="b">New York</subfield><subfield code="c">New York</subfield><subfield code="d">New York.</subfield></datafield><datafield ind1="0" ind2="0" tag="780"><subfield code="t">Praba&#772;si&#772;</subfield><subfield code="x">1064-427X</subfield><subfield code="w">(DLC)sn 92003402</subfield><subfield code="w">(OCoLC)16269081</subfield></datafield></record>